@online{staruml,
	author = {StarUML},
	title = {StarUML 3},
	month = {},
	year = {},
	url = {http://staruml.io/}
}
@online{tkinter,
	author = {},
	title = {},
	month = {},
	year = {},
	url = {https://docs.python.org/3.9/library/tk.html}
}